Automatically generated by Mendeley Desktop 1.19.3
Any changes to this file will be lost if it is regenerated by Mendeley.

BibTeX export options can be customized via Preferences -> BibTeX in Mendeley Desktop

@incollection{Ninaus2016,
author = {Ninaus, Manuel and Kiili, Kristian and McMullen, Jake and Moeller, Korbinian},
booktitle = {Games and Learning Alliance: 5th International Conference, GALA 2016, Utrecht, The Netherlands, December 5--7, 2016, Proceedings},
doi = {10.1007/978-3-319-50182-6_4},
editor = {Bottino, Rosa and Jeuring, Johan and Veltkamp, Remco C.},
file = {:Users/marcopiechotta/Library/Application Support/Mendeley Desktop/Downloaded/Ninaus et al. - 2016 - A Game-Based Approach to Examining Students' Conceptual Knowledge of Fractions.pdf:pdf},
month = {dec},
pages = {37--49},
publisher = {Springer International Publishing},
title = {{A Game-Based Approach to Examining Students' Conceptual Knowledge of Fractions}},
url = {http://link.springer.com/10.1007/978-3-319-50182-6{\_}4},
year = {2016}
}
@inproceedings{Holz2017,
abstract = {Paper auf der MuC},
author = {Holz, Heiko and Beuttler, Benedikt and Brandelik, Katharina and Brandelik, Jochen},
booktitle = {MuC},
doi = {https://doi.org/10.18420/muc2017-mci-0345},
title = {{Prosodiya - Ein serious game zur F{\"{o}}rderung des Sprachrhythmus bei Kindern mit LRS}},
year = {2017}
}
@article{Jung2016,
author = {Jung, Stefanie and Huber, Stefan and Heller, Juergen and Grust, Torsten and M{\"{u}}ller, Korbinian and Nuerk, Hans-Christoph},
doi = {10.1024/2235-0977/a000112},
file = {:Users/marcopiechotta/Documents/GitHub/AndroidMathSnake/Dokumente/Artikel/Jung{\_}et{\_}al.{\_}2015{\_}TuebingerLernplattform.pdf:pdf},
issn = {2235-0977},
journal = {Lernen und Lernst{\"{o}}rungen},
number = {1},
pages = {7--15},
title = {{Die TUebinger LernPlattform zum Erwerb numerischer und orthografischer Kompetenzen (TULPE)}},
url = {http://econtent.hogrefe.com/doi/abs/10.1024/2235-0977/a000112},
volume = {5},
year = {2016}
}
@article{JUNG2015,
author = {JUNG, S. and ROESCH, S. and Huber, Stefan and HELLER, J. and GRUST, T. and Nuerk, Hans-Christoph},
file = {:Users/marcopiechotta/Documents/GitHub/AndroidMathSnake/Dokumente/Artikel/Jung{\_}et{\_}al{\_}2015{\_} An interactive web-based learning platform for arithmetic and orthography.pdf:pdf},
isbn = {9781618042729},
journal = {Advances in Computers and Technology for Educationâ€“Proceedings of the 11th International Conference on Educational Technologies},
pages = {13--22},
title = {{An Interactive Web-Based Learning Platform for Arithmetic and Orthography}},
year = {2015}
}
@misc{Randel1992,
author = {Randel, Josephine M. and Morris, Barbara A. and Wetzel, C. Douglas and {V. Whitehill}, Betty},
file = {:Users/marcopiechotta/Documents/GitHub/AndroidMathSnake/Dokumente/Artikel/randel1992.pdf:pdf},
title = {{The Effectiveness of Games for Educational Purpose: A Review of Recent Research}},
year = {1992}
}
@inproceedings{Falcao2018,
address = {New York, New York, USA},
author = {{Pontual Falc{\~{a}}o}, Taciana and Dackermann, Tanja and Sch{\"{u}}ler, Madeleine and Ulrich, Christine and Klemke, Andre and Moeller, Korbinian},
booktitle = {Proceedings of the 2018 CHI Conference on Human Factors in Computing Systems - CHI '18},
doi = {10.1145/3173574.3174125},
file = {:Users/marcopiechotta/Library/Application Support/Mendeley Desktop/Downloaded/Pontual Falc{\~{a}}o et al. - 2018 - Tangible Tens.pdf:pdf},
isbn = {9781450356206},
pages = {1--12},
publisher = {ACM Press},
title = {{Tangible Tens}},
url = {http://dl.acm.org/citation.cfm?doid=3173574.3174125},
year = {2018}
}
@book{3832533915,
  Author = {Anja Hawlitschek},
  Title = {Spielend Lernen. Didaktisches Design Digitaler Lernspiele Zwischen Spielmotivation Und Cognitive Load (Wissensprozesse Und Digitale Medien) (German Edition)},
  Publisher = {Logos Verlag Berlin},
  Year = {2013},
  ISBN = {3832533915},
  URL = {https://www.amazon.com/Didaktisches-Digitaler-Lernspiele-Spielmotivation-Wissensprozesse/dp/3832533915?SubscriptionId=AKIAIOBINVZYXZQZ2U3A&tag=chimbori05-20&linkCode=xm2&camp=2025&creative=165953&creativeASIN=3832533915}
}
