%========================================================
%   L I T E R A T U R V E R Z E I C H N I S 
%========================================================
%
%book: 	 Buch  :author or editor, title, publisher, year 	volume or number, series, address, %edition, month, note, isbn
%article: Zeitungs- oder Zeitschriftenartikel: 	author, title, journal, year 	volume, number, pages, month, note
%booklet 	Gebundenes Druckwerk 	title 	author, howpublished, address, month, year, note
%conference 	Wissenschaftliche Konferenz 	author, title, booktitle, year 	editor, volume or number, series, pages, address, month, organization, publisher, note
%inbook 	Teil eines Buches 	author or editor, title, chapter and/or pages, publisher, year 	volume or number, series, type, address, edition, month, note
%incollection 	Teil eines Buches (z. B. Aufsatz in einem Sammelband) mit einem eigenen Titel 	author, title, booktitle, publisher, year 	editor, volume or number, series, type, chapter, pages, address, edition, month, note
%inproceedings 	Artikel in einem Konferenzbericht 	author, title, booktitle, year 	editor, volume or number, series, pages, address, month, organization, publisher, note
%manual 	Technische Dokumentation 	title 	author, organization, address, edition, month, year, note
%mastersthesis 	Diplom- oder andere Abschlussarbeit (au�er Promotion) 	author, title, school, year 	type, address, month, note
%misc 	beliebiger Eintrag (wenn nichts anderes passt) 	� 	author, title, howpublished, month, year, note
%phdthesis 	Doktor- oder andere Promotionsarbeit 	author, title, school, year 	type, address, month, note
%proceedings 	Konferenzbericht 	title, year 	editor, volume or number, series, address, month, organization, publisher, note
%techreport 	ver�ffentlichter Bericht einer Hochschule oder anderen Institution 	author, title, institution, year 	type, note, number, address, month
%unpublished 	nicht formell ver�ffentlichtes Dokument 	author, title, note 	month, year

@book{Bal09,
	title		= "Lehrbuch der Softwaretechnik: Basiskonzepte und Requirements Engineering",
	author		= "Helmut Balzert",
	year		= "2009",
	publisher	= "Spektrum Akademischer Verlag Heidelberg",
	isbn		= "978-3-8274-1705-3"
}

@book{BN77,
	title		= "Mathematische Logik mit Informatik-Anwendungen",
	author		= "Eberhard Bergmann and Helga Noll",
	year		= "1977",
	publisher	= "Springer-Verlag Berlin Heidelberg",
	isbn		= "978-3-540-08202-6,
	series		= "Heidelberger Taschenbücher (Sammlung Informatik)",
	volume		= "187"
}

@book{BM11,
	title		= "Domain-Level Reasoning for Spoken Dialogue Systems",
	author		= "Dirk Bühler and Wolfgang Minker",
	year		= "2011",
	publisher	= "Springer-Verlag New York",
	isbn		= "978-1-4419-9727-2"
}

@article{BP58,
	title		= "Time and Modality (Being the John Locke Lectures for 19556 delivered in the University of Oxford",
	author		= "Oskar Becker and Arthur N. Prior",
	publisher	= "University of Oxford",
	pages		= "54--60",
	year		= "1958"
}

@article{Cer80,
	title		= "Characteristic functions in multivalued logic systems",
	author		= "Eduard Cerny",
	journal		= "Digital Processes",
	volume		= "6",
	pages		= "167--174",
	year		= "1980"
}

@book{CK13,
	title		= "Finite State Machine Logic Synthesis for Complex Programmable Logic Devices",
	author		= "Robert Czerwinski and Dariusz Kania",
	year		= "2013",
	publisher	= "Springer-Verlag Berlin Heidelberg"
}

@article{DAC98,
    title		= "Property Specification Patterns for Finite-State Verification",
    author		= "Matthew Dwyer and George Avrunin and James Corbett",
    journal		= "Software Engineering. Proceedings of the second workshop on formal methods in software practice",
    year		= "1998",
    publisher	= "ACM"
}

@article{DAC99,
    title		= "Patterns in Property Specifications for Finite-State Verification",
    author		= "Matthew Dwyer and George Avrunin and James Corbett",
    journal		= "Software Engineering. Proceedings of the 21st International Conference on Software Engineering",
    pages		= "411--429",
    year		= "1999",
    publisher	= "IEEE"
}

@ONLINE{DACDAP17,
   author 		= "Matthew Dwyer and George Avrunin and James Corbett and Laura Dillon and Hamid Alavi and Corina Pasaeanu",
   title 		= "A Specification Pattern System",
   month 		= "Dezember",
   year 		= "2017",
   url 			= "http://people.cs.ksu.edu/~dwyer/SPAT/ltl.html"
}

@article{Gli07,
	title		= "On Non-Functional Requirements",
	author		= "Martin Glinz",
	journal		= "IEEE 15th International Requirements Engineering Conference",
	pages		= "21--26",
	year		= "2007",
	publisher	= "IEEE"
}

@article{GP01,
	title		= "Fast LTL to Büchi Automata Translation",
	author		= "Xinye Lu and Guiming Luo",
	journal		= "International Conference on Computer Aided Verification",
	pages		= "53--65",
	year		= "2001",
	publisher	= "Springer Berlin, Heidelberg"
}

@article{IEEE90,
	title={IEEE Standard Glossary of Software Engineering Terminology},
	author={Computer-Society IEEE },
	isbn={9781559370677},
	series={IEEE Std},
	year={1990},
	publisher={IEEE}
}

@article{II98,
	title={IEEE Recommended Practise for Software Requirements Specifications},
	author={Computer-Society IEEE and Standards Board IEEE-SA },
	isbn={0-7381-0332-2},
	series={IEEE Std},
	year={1998},
	publisher={IEEE}
}

@article{III11,
	title={Systems and software engineering - Life cycle processes - Requirements engineering},
	author={ISO(IEC/IEEE},
	series={IEEE Std},
	year={2011},
	publisher={ISO}
}

@ONLINE{IIL17,
   author 		= "Ingenieurgesellschaft IILS",
   title 		= "IILS mbH: Kompetenzen",
   month 		= "September",
   year 		= "2017",
   url 			= "https://www.iils.de"
}

@ONLINE{IMS17,
	author 		= "{Institut Für Maschinelle Sprachverarbeitung} {Universität Stuttgart}",
	title 		= "Computerlinguistik: Was ist das eigentlich?",
	month 		= "Dezember",
	year 		= "2017",
	url 		= "http://www.ims.uni-stuttgart.de/studium/interessierte/leitfaden/index.html"
}

@article{Jac17,
	title		= "The Right-Hand Side Problem: Research Topics in RE",
	author		= "Michael Jackson",
	journal		= "IEEE 25th International Requirements Engineering Conference",
	pages		= "474--475",
	year		= "2017",
	publisher	= "IEEE"
}

@book{JPQRSSV16,
	author		="Rainer Joppich and André Pflüger and Stefan Queins and Chris Rupp and Kristina Schöne and Achim Stuy and Alexander Vöge ",
	title		="Die Sophisten - Schablonen für alle Fälle",
	year		="2016",
	publisher	="Sophist GmbH",
}

@phdthesis{Ka68,
	Type		= "PhD thesis",
	author		= "Hans Kamp",
	title		= "Tense Logic and the Theory od Linear Order",
	school		= "Michigan State University",
	year		= "1968"
}

@book{KVBS97,
	title		= "Synthesis Of Finite State Machines: Functional Optimization",
	author		= "Timothy Kam and Tiziano Villa and Robert Brayton and Alberto Sangiovanni-Vincentelli",
	year		= "1997",
	publisher	= "Kluwer Academic Publishers"
}

@article{LL12,
	title		= "Direct Translation of LTL Formulas to Buechi Automata",
	author		= "Xinye Lu and Guiming Luo",
	journal		= "IEEE 11th Conference on Cognitive Informatics and Cognitive Computing",
	pages		= "323--328",
	year		= "2012",
	publisher	= "IEEE"
}

@ONLINE{LS17,
	author 		= "Richard Lackes and Markus Siepermann",
	title 		= "Gabler Wirtschaftslexikon; Stichwort: Prädikatenlogik",
	month 		= "Dezember",
	year 		= "2017",
	url 		= "http://wirtschaftslexikon.gabler.de/Archiv/75637/praedikatenlogik-v11.html"
}

@article{MW10,
	title		= "BIG EARS (The Return of "`Easy Approach to Requirements Systax"'",
	author		= "Alistair Mavin and Philip Wilkinson",
	journal		= "IEEE 18th International Requirements Engineering Conference",
	pages		= "277--282",
	year		= "2010",
	publisher	= "IEEE"
}

@book{RBF16,
	author		="van Randen, Hendrik Jan and Bercker, Christian and Fieml, Julian",
	title		="Einf{\"u}hrung in UML: Analyse und Entwurf von Software",
	year		="2016",
	publisher	="Springer Fachmedien Wiesbaden",
	isbn		="978-3-658-14412-8",
}


@ONLINE{Sta17,
	author 		= "Tobias Stamm",
	title 		= "Mandalex-Lexikon: Theoretische Informatik",
	month 		= "Oktober",
	year 		= "2017",
	url 			= "https://wwwcip.informatik.uni-erlangen.de/~we21seje/mandalex/index.html"
}

@book{Par98,
	title		= "Requirements-Engineering systematisch",
	author		= "Helmuth Partsch",
	year		= "1998",
	publisher	= "Springer-Verlag Berlin Heidelberg",
	isbn		= "978-3-540-64931-3"
}


@book{Pri67,
    title		= "Past, Present and Future",
    author		= "Arthur N. Prior",
    volume		= "154",
    year		= "1967",
    publisher	= "Clarendon Press Oxford"
}

@article{PH03,
	title		= "Papers on time and tense",
	author		= "Arthur N. Prior and Per FV Hasle",
	publisher	= "Oxford Universty Press on Demand",
	year		= "2003"
}


@phdthesis{Rud02,
   Type		= "Habilitation",
   author		= "Stephan Rudolph",
   title		= "{\"U}bertragung von {\"A}hnlichkeitsbegriffen",
   school		= "Institut f{\"u}r Statik und Dynamik der Luft- und Raumfahrtkonstruktionen",
   address		= "Universit{\"a}t Stuttgart",
   year		= "2002"
}

@book{Rud14,
	author    	= "Stephan Rudolph",
	title     		= "Design Languages - A Review of Necessary and Sufficient Conditions for the Design Language Information Processing Architecture",
	publisher 	= "Institut f{\"u}r Statik und Dynamik der Luft- und Raumfahrtkonstruktionen",
	address  	= "Universit{\"a}t Stuttgart",
	year      	= "2014",
	note 		= "Lecture notes"
}

@book{SL05,
	author    	= "Andreas Spilllner and Tilo Linz",
	title     		= "Basiswissen Softwaretest",
	publisher 	= "dpunkt.Verlag",
	address  	= "Heidelberg",
	year      	= "2005",
	isbn		= "3-89864-358-1"
}

%@book{Ben13,
	author    	= "Rudolf Benz",
	title     	= "Projektmanagement und Systems Engineering - Systems Engineering",
	publisher 	= "Institut f{\"u}r Raumfahrtsysteme",
	address  	= "Universit{\"a}t Stuttgart",
	year      	= "2013",
	note 		= "Lecture notes"
}


@book{WHPR17,
    author		= "Benedikt Walter and Jakob Hammes and Marco Piechotta and Stephan Rudolph",
    title     		= "A Formalization Method to Process Structured Natural Language to Logic Expressions to Detect Redundant Specification and Test Statements",
    publisher 	= "Research and Development MB Passenger Cars, Daimler AG and Institut f{\"u}r Statik und Dynamik der Luft- und Raumfahrtkonstruktionen, Universit{\"a}t Stuttgart",  
    year      	= "2017",
    note     		= "",
}

@book{WSPR17,
	author		= "Benedikt Walter and Maximilian Schilling and Marco Piechotta and Stephan Rudolph",
	title     		= "Test Case Optimization through Removing
	Redundancies, Clustering and Reordering Test Steps",
	publisher 	= "Research and Development MB Passenger Cars, Daimler AG and Institut f{\"u}r Statik und Dynamik der Luft- und Raumfahrtkonstruktionen, Universit{\"a}t Stuttgart",  
	year      	= "2017",
	note     		= "",
}

@ONLINE{Zal17,
	author 		= "Edward N. Zalta",
	title 		= "The Stanford Encyclopedia of Philosophy",
	month 		= "Dezember",
	year 		= "2017",
	url 		= "https://plato.stanford.edu/",
	publisher 	= "Metaphysics Research Lab - Stanford University"
}


